<?xml version="1.0" encoding="UTF-8"?><collection xmlns="http://www.loc.gov/MARC21/slim"><record><leader>00540nam--2200193-i-4500</leader><controlfield tag="001">000006040</controlfield><controlfield tag="002">20161230</controlfield><controlfield tag="005">20170114234355</controlfield><controlfield tag="008">060222s1000------------r-----000-0-eng-d</controlfield><datafield ind1=" " ind2=" " tag="040"><subfield code="a">IFIN-HH</subfield></datafield><datafield ind1=" " ind2=" " tag="080"><subfield code="a">539.171.12.4:539.2:539.125.5.172</subfield></datafield><datafield ind1="1" ind2=" " tag="100"><subfield code="a">Bacon, G. E</subfield></datafield><datafield ind1="1" ind2="0" tag="245"><subfield code="a">Neutron diffraction</subfield><subfield code="c">G.E. Bacon</subfield></datafield><datafield ind1=" " ind2=" " tag="250"><subfield code="a">Second Edition</subfield></datafield><datafield ind1=" " ind2=" " tag="260"><subfield code="a">Oxford</subfield><subfield code="b">Clarendon Press</subfield><subfield code="c">1962</subfield></datafield><datafield ind1=" " ind2=" " tag="300"><subfield code="a">XII + 462 p</subfield></datafield><datafield ind1=" " ind2=" " tag="490"><subfield code="a">Monographs On The Physics And Chemistry Of Materials</subfield></datafield><datafield ind1=" " ind2=" " tag="852"><subfield code="a">17926</subfield><subfield code="c">539.17</subfield></datafield><datafield ind1=" " ind2=" " tag="CAT"><subfield code="a">SYS</subfield><subfield code="c">20170114</subfield><subfield code="h">234355</subfield></datafield></record></collection>